


@article{mihuailua2017network_auto_1,
  title={Network Automation and Abstraction using Python Programming Methods},
  author={Mih{\u{a}}il{\u{a}}, Paul and B{\u{a}}lan, Titus and Curpen, Radu and Sandu, Florin},
  journal={MACRo 2015},
  volume={2},
  number={1},
  pages={95--103},
  year={2017},
  publisher={De Gruyter Open}
}

@INPROCEEDINGS{chaignon2017_net_auto_2,
  author={Chaignon, Paul and Lazri, Kahina and Francois, Jerome and Festor, Olivier},
  booktitle={2017 IEEE Conference on Network Softwarization (NetSoft)}, 
  title={Understanding disruptive monitoring capabilities of programmable networks}, 
  year={2017},
  volume={},
  number={},
  pages={1-6},
  doi={10.1109/NETSOFT.2017.8004248}}
  
@article{openFlow_1,
author = {McKeown, Nick and Anderson, Tom and Balakrishnan, Hari and Parulkar, Guru and Peterson, Larry and Rexford, Jennifer and Shenker, Scott and Turner, Jonathan},
title = {OpenFlow: Enabling Innovation in Campus Networks},
year = {2008},
issue_date = {April 2008},
publisher = {Association for Computing Machinery},
address = {New York, NY, USA},
volume = {38},
number = {2},
issn = {0146-4833},
url = {https://doi.org/10.1145/1355734.1355746},
doi = {10.1145/1355734.1355746}}



@inproceedings{SDN_2013,
  title={Composing software defined networks},
  author={Monsanto, Christopher and Reich, Joshua and Foster, Nate and Rexford, Jennifer and Walker, David},
  booktitle={10th $\{$USENIX$\}$ Symposium on Networked Systems Design and Implementation ($\{$NSDI$\}$ 13)},
  pages={1--13},
  year={2013}
 }




  
  

  
 
  @inproceedings{casado2010virtualizing_net_auto_13,
  title={Virtualizing the network forwarding plane},
  author={Casado, Martin and Koponen, Teemu and Ramanathan, Rajiv and Shenker, Scott},
  booktitle={Proceedings of the Workshop on Programmable Routers for Extensible Services of Tomorrow},
  pages={1--6},
  year={2010}
}




@inproceedings{mikkelsen2019immutable_configuration_drift,
  title={Immutable Infrastructure Calls for Immutable Architecture},
  author={Mikkelsen, Anders and Gr{\o}nli, Tor-Morten and Kazman, Rick},
  booktitle={Proceedings of the 52nd Hawaii International Conference on System Sciences},
  year={2019}
}

@inproceedings{burgess1995cfengine,
  title={Cfengine: a site configuration engine},
  author={Burgess, Mark and others},
  booktitle={in USENIX Computing systems, Vol},
  year={1995},
  organization={Citeseer}
}
@article{hillcomparison,
  title={A Comparison of Configuration Management Tools in Respect of Performance and Complexity},
  author={Hill, Dave}
}




