@Book{RobertsChapin2017,
  author    = {Mike Roberts and John Chapin},
  title     = {What is Serverless?},
  year      = {2017},
  date      = {2017-05-24},
  subtitle  = {Unterstanding the Latest Advances in Cloud and Service-Based Architecture},
  publisher = {O'Reilly Media, Inc. CA, US},
  isbn      = {978-1-491-98416-1},
  groups = {Serverless General}
}

@Book{CD,
  author    = {David Farley, Jez Humble},
  title     = {Continuous Delivery: Reliable Software Releases through Build, Test, and Deployment Automation},
  year      = {2010},
  date      = {2010-07},
  publisher = {Addison-Wesley Professional},
  isbn      = {9780321670250},
  groups = {CD}
}

@Book{CDHandsOn,
  author    = {Jean-Marcel Belmon},
  title     = {Hands-On Continuous Integration and Delivery},
  year      = {2018},
  date      = {2018-08},
  publisher = {Packt PublishingLtd},
  isbn      = {9781789130485},
  groups = {CD}
}

@inproceedings{inproceedings,
author = {Arachchi, S A I B and Perera, Indika},
year = {2018},
month = {05},
pages = {04--10},
title = {Continuous Integration and Continuous Delivery Pipeline Automation for Agile Software Project Management},
doi = {10.1109/MERCon.2018.8421965}
}


@inproceedings{inproceedingsMunch,
author = {Münch, Jürgen and Makinen, Simo},
year = {2013},
month = {08},
pages = {46--52},
title = {Cloud-Based Software Engineering},
doi = {10.13140/RG.2.2.19496.83204}
}

@article{articleComparison,
author = {Dutta, Pranay and Dutta, Prashant},
year = {2019},
month = {04},
pages = {981-985},
title = {Comparative Study of Cloud Services Offered by Amazon, Microsoft and Google},
volume = {Volume-3},
journal = {International Journal of Trend in Scientific Research and Development},
doi = {10.31142/ijtsrd23170}
}

%References Safiul%


@inbook{AWS_Cost,
    author = "Bernard Golden",
    title = "Amazon Web Services for Dummies",
    publisher = "John Wiley & Sons, Inc",
    year = "2013",
    chapter = "11",
    keywords  = "cost,utilization"
}

@inbook{AWS_Advantages,
    author = "Bernard Golden",
    title = "Amazon Web Services for Dummies",
    publisher = "John Wiley & Sons, Inc",
    year = "2013",
    chapter = "13",
    keywords  = "advantages,aws"
}



%shoaib%

@Book{RobertsChapin2017,
  author    = {Mike Roberts and John Chapin},
  title     = {What is Serverless?},
  year      = {2017},
  date      = {2017-05-24},
  subtitle  = {Unterstanding the Latest Advances in Cloud and Service-Based Architecture},
  publisher = {O'Reilly Media, Inc. CA, US},
  isbn      = {978-1-491-98416-1},
  groups = {Serverless General}
}

@inproceedings{inproceedingss,
author = {Challita, Stephanie and Zalila, Faiez and Gourdin, Christophe and Merle, Philippe},
year = {2018},
month = {04},
pages = {177-183},
title = {A Precise Model for Google Cloud Platform},
doi = {10.1109/IC2E.2018.00041}
}

%sinchan%

@INPROCEEDINGS{962346,  author={Hunt, R.},  booktitle={Proceedings. Ninth IEEE International Conference on Networks, ICON 2001.},   title={PKI and digital certification infrastructure},   year={2001},  volume={},  number={},  pages={234-239},  doi={10.1109/ICON.2001.962346}}

%keyur and Wakeel Khan%

@inproceedings{inproceedings,
 author = {Jamil, Abid and Arif, Muhammad and Abubakar, Normi and Ahmad, Akhlaq},
 year = {2016},
 month = {11},
 pages = {177-182},
 title = {Software Testing Techniques: A Literature Review},
 doi = {10.1109/ICT4M.2016.045}
}

@article{Daka2014ASO,
 title={A Survey on Unit Testing Practices and Problems},
 author={Ermira Daka and G. Fraser},
 journal={2014 IEEE 25th International Symposium on Software Reliability Engineering},
 year={2014},
 pages={201-211}
}

@ARTICLE{7123673,  
 author={Jiang, Zhen Ming and Hassan, Ahmed E.},  
 journal={IEEE Transactions on Software Engineering},  
 title={A Survey on Load Testing of Large-Scale Software Systems},
 year={2015},  volume={41},  number={11},  pages={1091-1118}, 
 doi={10.1109/TSE.2015.2445340}
}

@inproceedings{inproceedings,
 author = {Arachchi, S A I B and Perera, Indika},
 year = {2018},
 month = {05},
 pages = {},
 title = {Continuous Integration and Continuous Delivery Pipeline Automation for Agile Software Project Management},
 doi = {10.1109/MERCon.2018.8421965}
}

@article{article,
 author = {Pandit, Pallavi and Tahiliani, Swati},
 year = {2015},
 month = {06},
 pages = {16-21},
 title = {AgileUAT: A Framework for User Acceptance Testing based on User Stories and Acceptance Criteria},
 volume = {120},
 journal = {International Journal of Computer Applications},
 doi = {10.5120/21262-3533}
}

@ARTICLE{1510569, 
 author={Janzen, D. and Saiedian, H.},
 journal={Computer},  
 title={Test-driven development concepts, taxonomy, and future direction},  
 year={2005},
 volume={38}, 
 number={9}, 
 pages={43-50}, 
 doi={10.1109/MC.2005.314}
 }

@book{larman2004agile,
 title={Agile and Iterative Development: A Manager's Guide},
 author={Larman, C.},
 isbn={9780131111554},
 lccn={2003058266},
 series={Agile software development series},
 url={https://books.google.de/books?id=76rnV5Exs50C},
 year={2004},
 publisher={Addison-Wesley}
}

@article{c12c3fdcbeb64c018fb3b6dadcd2c936,
 title = {The Highways and Country Roads to Continuous Deployment},
 keywords = {113 Computer and information sciences},
 author = {Marko Lepp{\"a}nen and Simo M{\"a}kinen and Max Pagels and Veli-Pekka Eloranta and Juha Itkonen and M{\"a}ntyl{\"a}, {Mika V.} and Tomi M{\"a}nnist{\"o}},
 year = {2015},
 doi = {10.1109/MS.2015.50},
 language = {English},
 volume = {32},
 pages = {64--72},
 journal = {IEEE Software},
 issn = {0740-7459},
 publisher = {IEEE Computer Society},
 number = {2}
}

@inproceedings{wolf2016automated,
 title={Automated testing for continuous delivery pipelines},
 author={Wolf, Justin and Yoon, Scott},
 booktitle={industrial talk), in Pacific NW Software Quality Conference},
 year={2016}
}






