

@inbook{AWS_Cost,
    author = "Bernard Golden",
    title = "Amazon Web Services for Dummies",
    publisher = "John Wiley & Sons, Inc",
    year = "2013",
    chapter = "11",
    keywords  = "cost,utilization"
}

@inbook{AWS_Advantages,
    author = "Bernard Golden",
    title = "Amazon Web Services for Dummies",
    publisher = "John Wiley & Sons, Inc",
    year = "2013",
    chapter = "13",
    keywords  = "advantages,aws"
}