@INPROCEEDINGS{962346,  author={Hunt, R.},  booktitle={Proceedings. Ninth IEEE International Conference on Networks, ICON 2001.},   title={PKI and digital certification infrastructure},   year={2001},  volume={},  number={},  pages={234-239},  doi={10.1109/ICON.2001.962346}}